<record><leader>00000cas a22000007a 4500</leader><controlfield tag="001">16727564</controlfield><controlfield tag="008">870922d1854186uohuwr ne      0    0eng d</controlfield><datafield ind1=" " ind2=" " tag="010"><subfield code="a">sn 87075103 </subfield></datafield><datafield ind1=" " ind2=" " tag="040"><subfield code="a">ONP</subfield><subfield code="b">eng</subfield><subfield code="c">ONP</subfield><subfield code="d">OCLCQ</subfield></datafield><datafield ind1=" " ind2=" " tag="042"><subfield code="a">msc</subfield></datafield><datafield ind1="0" ind2="0" tag="245"><subfield code="a">Weekly Portsmouth tribune.</subfield></datafield><datafield ind1="3" ind2="0" tag="246"><subfield code="a">Weekly tribune</subfield></datafield><datafield ind1=" " ind2=" " tag="260"><subfield code="a">Portsmouth, Ohio :</subfield><subfield code="b">A. McFarland and brother</subfield></datafield><datafield ind1=" " ind2=" " tag="310"><subfield code="a">Weekly</subfield></datafield><datafield ind1="1" ind2=" " tag="362"><subfield code="a">Began in 1854.</subfield></datafield><datafield ind1=" " ind2=" " tag="580"><subfield code="a">Daily eds.: Daily evening tribune (Portsmouth, Ohio), 1854-1859, and: Portsmouth daily evening tribune, 1859-1860.</subfield></datafield><datafield ind1=" " ind2=" " tag="580"><subfield code="a">Triweekly ed.: Triweekly tribune (Portsmouth, Ohio).</subfield></datafield><datafield ind1=" " ind2=" " tag="588"><subfield code="a">Description based on: Vol. 9, no. 24 = whole no. 434 (Oct. 31, 1855).</subfield></datafield><datafield ind1=" " ind2=" " tag="752"><subfield code="a">United States</subfield><subfield code="b">Ohio</subfield><subfield code="c">Scioto</subfield><subfield code="d">Portsmouth.</subfield></datafield><datafield ind1="1" ind2=" " tag="775"><subfield code="t">Daily evening tribune (Portsmouth, Ohio)</subfield><subfield code="w">(DLC)sn 87075112</subfield></datafield><datafield ind1="1" ind2=" " tag="775"><subfield code="t">Portsmouth daily evening tribune</subfield><subfield code="w">(DLC)sn 88061106</subfield></datafield><datafield ind1="1" ind2=" " tag="775"><subfield code="t">Tri-weekly tribune (Portsmouth, Ohio)</subfield></datafield><datafield ind1="0" ind2="0" tag="780"><subfield code="t">Portsmouth tribune and clipper</subfield><subfield code="w">(DLC)sn8700075099</subfield></datafield><datafield ind1="0" ind2="0" tag="785"><subfield code="t">Portsmouth weekly tribune</subfield><subfield code="w">(DLC)sn 84024206</subfield></datafield></record>